@inproceedings{loksa2016programming,
  title = {Programming, Problem Solving, and Self-Awareness: Effects of Explicit Guidance},
  author = {Loksa, Dastyni and Ko, Andrew J and Jernigan, Will and Oleson, Alannah and Mendez, Christopher J and Burnett, Margaret M},
  booktitle = {{Conference on Human Factors in Computing Systems (CHI)}},
  pages = {1449--1461},
  year = {2016}
}

@book{mayer1992thinking,
  title = {Thinking, problem solving, cognition},
  author = {Mayer, Richard E},
  year = {1992},
  publisher = {WH Freeman/Times Books/Henry Holt \& Co}
}